@misc{OpenStax_PrinciplesDataScience,
  author = {{OpenStax}},
  title = {{4.3 Correlation and Linear Regression Analysis}},
  howpublished = {\url{https://openstax.org/books/principles-data-science/pages/1-introduction}},
year={2025},
  note = {Extracto del libro ``Principles of Data Science'' de OpenStax. La fecha de publicación no se especifica en el extracto.}
}

@book{Borovkov_EstadisticaMatematica,
  author = {Borovkov, Alexandr Alekseevich},
  title = {{Estadística Matemática}},
year={1988},
publisher={Editorial Mir Moscú}
}

@book{Besterfield_ControlCalidad_8ed,
  author = {Besterfield, H.},
  title = {{Control de Calidad}},
  edition = {8},
  publisher = {Pearson Educación},
  year = {2009},
  isbn = {978-607-442-121-7}
}

@book{Lind_EstadisticaAplicada_16ed,
  author = {Lind, Douglas A. and Marchal, William G. and Wathen, Samuel Adam},
  title = {{Estadística aplicada a los negocios y la economía}},
  edition = {16},
  publisher = {McGraw-Hill/Interamericana Editores, S.A. de C.V.},
  year = {2015}
}

@book{Montgomery_DiseñoAnalisisExp_2004,
  author = {Montgomery, Douglas C.},
  title = {{Diseño y Análisis de Experimentos}},
  publisher = {Editorial Limusa, S.A. de C.V., Grupo Noriega Editores},
  year = {2004},
  isbn = {968-18-6156-8},
  note = {Revisión técnica de Rodolfo Piña García y Griselda Zetina Vélez.}
}

@book{Gujarati_Econometria_5ed,
  author = {Gujarati, Damodar N.},
  title = {{Econometría}},
  edition = {5},
  publisher = {McGraw-Hill Interamericana},
  year = {2010},
}

@book{Levine_EstadisticaAdministracion_4ed,
  author = {Levine, David M. and Krehbiel, Timothy C. and Berenson, Mark L.},
  title = {{Estadística para Administración: Un Primer Curso}},
  edition = {4},
  publisher = {Prentice Hall},
  year = {2006},
  isbn = {970-26-0802-3}
}

@book{Anderson_EstadisticaAdminEconomia_10ed,
  author = {Anderson, David R. and Sweeney, Dennis J. and Williams, Thomas A.},
  title = {{Estadística para administración y economía}},
  edition = {10},
  publisher = {Thomson/Southwestern},
  year = {2008},
  isbn = {978-607-481-319-7}
}

@book{MontgomeryRunger_AppliedStatistics_2018,
  author = {Montgomery, Douglas C. and Runger, George C.},
  title = {{Applied Statistics and Probability for Engineers}},
  publisher = {Wiley},
  year = {2018}
}
 

@book{GutierrezPulido_ControlEstadistico_2ed,
  author = {Gutiérrez Pulido, Humberto and De La Vara Salazar, Román},
  title = {{Control Estadístico de Calidad y Seis Sigma}},
  edition = {2},
  publisher = {McGraw-Hill Interamericana Editores, S.A. de C.V.},
  year = {2009}
}

@book{WalpoleMyersMyers_ProbabilidadEstadistica_9ed,
  author = {Walpole, Ronald E. and Myers, Raymond H. and Myers, Sharon L.},
  title = {{Probabilidad y Estadística para Ingenieros}},
  edition = {9},
  publisher = {Pearson},
  year = {2012}
}

@book{Gmurman_TeoriaProbabilidades_1974,
  author = {Gmurman, V. E.},
  title = {{Teoría de las Probabilidades y Estadística Matemática}},
  publisher = {Editorial Mir},
  year = {1974}
}

@book{Koroliuk_ManualProbabilidad_1981,
  author = {Koroliuk, V. S.},
  title = {{Manual de la Teoría de Probabilidades y Estadística Matemática}},
  publisher = {Editorial Mir},
  year = {1981}
}

@book{ManualAMIR_EstadisticaEpidemiologia_12ed,
  author = {{Academia de Estudios MIR, S.L.}},
  title = {{Manual de estadística y epidemiología 2}},
  edition = {12},
  publisher = {Academia de Estudios MIR, S.L.},
  year = {2019},
  isbn = {978-84-17567-31-6}
}

@book{Kuehl_DiseñoExperimentos_2ed,
  author = {Kuehl, Robert O.},
  title = {{Diseño de Experimentos}},
  edition = {2},
  publisher = {Thomson Learning},
  year = {2001},
  isbn = {970-686-048-7},
}
